<collection xmlns="http://www.loc.gov/MARC21/slim">
<record>
  <leader>01347nam0a22002651i 450 </leader>
  <controlfield tag="001">IT\ICCU\CNCE\040408</controlfield>
  <controlfield tag="005">20080131000000.0</controlfield>
  <datafield tag="100" ind1=" " ind2=" ">
    <subfield code="a">19981117f1573        0itac0103    ba</subfield>
  </datafield>
  <datafield tag="101" ind1=" " ind2=" ">
    <subfield code="a">ITA</subfield>
  </datafield>
  <datafield tag="102" ind1=" " ind2=" ">
    <subfield code="a">IT</subfield>
  </datafield>
  <datafield tag="200" ind1="1" ind2=" ">
    <subfield code="a">℗I ℗dialoghi di Platone, intitolati l&apos;Eutifrone, ouero della santit,̉ l&apos;Apologia di Socrate, il Critone o di quel che s&apos;ha affare, il Fedone o dell&apos;immortalit ̉dell&apos;anima. il Timeo ouero della natura. Tradotti ... da m. Sebastiano Erizzo e del medesimo ... illustrati con vn commento sopra il Fedone. Nuouamente mandati in luce</subfield>
  </datafield>
  <datafield tag="210" ind1=" " ind2=" ">
    <subfield code="a">In Venezia</subfield>
    <subfield code="c">presso  Giouanni Varisco e compagni</subfield>
    <subfield code="d">\1573!</subfield>
  </datafield>
  <datafield tag="215" ind1=" " ind2=" ">
    <subfield code="a">\22!, 327, \2! p</subfield>
  </datafield>
  <datafield tag="300" ind1=" " ind2=" ">
    <subfield code="a">Eliminata perch ̈ ̈la CNC40413</subfield>
  </datafield>
  <datafield tag="620" ind1=" " ind2=" ">
    <subfield code="a">IT</subfield>
    <subfield code="d">Venezia</subfield>
  </datafield>
  <datafield tag="700" ind1=" " ind2="0">
    <subfield code="a">Plato</subfield>
    <subfield code="3">IT\ICCU\CNCA\004451</subfield>
  </datafield>
  <datafield tag="702" ind1=" " ind2="1">
    <subfield code="a">Erizzo,</subfield>
    <subfield code="b">Sebastiano</subfield>
    <subfield code="3">IT\ICCU\CNCA\002254</subfield>
  </datafield>
  <datafield tag="712" ind1="0" ind2="0">
    <subfield code="a">Varisco, Giovanni &amp; C.</subfield>
    <subfield code="3">IT\ICCU\CNCT\002997</subfield>
    <subfield code="4">650</subfield>
  </datafield>
  <datafield tag="790" ind1=" " ind2="0">
    <subfield code="a">Platone</subfield>
    <subfield code="3">IT\ICCU\CNCA\018630</subfield>
    <subfield code="z">Plato</subfield>
  </datafield>
  <datafield tag="790" ind1=" " ind2="1">
    <subfield code="a">Echinus,</subfield>
    <subfield code="b">Sebastian</subfield>
    <subfield code="3">IT\ICCU\CNCA\013930</subfield>
    <subfield code="z">Erizzo, Sebastiano</subfield>
  </datafield>
  <datafield tag="790" ind1=" " ind2="1">
    <subfield code="a">Ericius,</subfield>
    <subfield code="b">Sebastian</subfield>
    <subfield code="3">IT\ICCU\CNCA\014186</subfield>
    <subfield code="z">Erizzo, Sebastiano</subfield>
  </datafield>
  <datafield tag="790" ind1=" " ind2="1">
    <subfield code="a">Erizo,</subfield>
    <subfield code="b">Sebastiano</subfield>
    <subfield code="3">IT\ICCU\CNCA\022539</subfield>
    <subfield code="z">Erizzo, Sebastiano</subfield>
  </datafield>
  <datafield tag="791" ind1="0" ind2="0">
    <subfield code="a">Guarisco, Giovanni &amp; C.</subfield>
    <subfield code="3">IT\ICCU\CNCT\006428</subfield>
    <subfield code="z">Varisco, Giovanni &amp; C.</subfield>
  </datafield>
  <datafield tag="801" ind1=" " ind2="3">
    <subfield code="a">IT</subfield>
    <subfield code="b">ICCU</subfield>
    <subfield code="c">20201114</subfield>
  </datafield>
  <datafield tag="899" ind1=" " ind2=" ">
    <subfield code="a">Biblioteca del Seminario vescovile. Rovigo</subfield>
    <subfield code="1">RO0042</subfield>
    <subfield code="2">ROV SV</subfield>
  </datafield>
</record>
</collection>
